<record><leader>00000cas a22000007a 4500</leader><controlfield tag="001">1758295</controlfield><controlfield tag="008">751101d196619uumnuqx ne      0    0eng d</controlfield><controlfield tag="009">501</controlfield><datafield ind1=" " ind2=" " tag="010"><subfield code="a">sn 90059537 </subfield></datafield><datafield ind1=" " ind2=" " tag="040"><subfield code="a">MUL</subfield><subfield code="b">eng</subfield><subfield code="c">MUL</subfield><subfield code="d">MN#</subfield></datafield><datafield ind1="1" ind2=" " tag="029"><subfield code="a">AU@</subfield><subfield code="b">000025886083</subfield></datafield><datafield ind1=" " ind2=" " tag="042"><subfield code="a">msc</subfield></datafield><datafield ind1=" " ind2=" " tag="043"><subfield code="a">n-us-mn</subfield></datafield><datafield ind1=" " ind2="4" tag="050"><subfield code="a">GV875.M55</subfield><subfield code="b">B85</subfield></datafield><datafield ind1=" " ind2=" " tag="052"><subfield code="a">4144</subfield><subfield code="b">B5</subfield></datafield><datafield ind1=" " ind2=" " tag="052"><subfield code="a">4143</subfield><subfield code="b">H4</subfield></datafield><datafield ind1="0" ind2="0" tag="245"><subfield code="a">Bulle-Twin American League news.</subfield></datafield><datafield ind1="0" ind2="3" tag="246"><subfield code="a">Minnesota Twins American League News</subfield></datafield><datafield ind1="0" ind2="7" tag="246"><subfield code="a">American League news</subfield></datafield><datafield ind1=" " ind2=" " tag="260"><subfield code="a">Bloomington, Minn. :</subfield><subfield code="b">Calvin R. Griffith,</subfield><subfield code="c">1966-</subfield></datafield><datafield ind1=" " ind2=" " tag="300"><subfield code="a">v.</subfield></datafield><datafield ind1=" " ind2=" " tag="310"><subfield code="a">Four times a year,</subfield><subfield code="b">May 1968-&lt;Dec. 1968&gt;</subfield></datafield><datafield ind1=" " ind2=" " tag="321"><subfield code="a">Six times a year,</subfield><subfield code="b">Dec. 1966-Aug./Sept. 1967</subfield></datafield><datafield ind1="0" ind2=" " tag="362"><subfield code="a">Vol. 1, no. 1 (Dec. 1966)-</subfield></datafield><datafield ind1=" " ind2=" " tag="550"><subfield code="a">Official publication of the Minnesota Twins and the American League.</subfield></datafield><datafield ind1=" " ind2=" " tag="752"><subfield code="a">United States</subfield><subfield code="b">Minnesota</subfield><subfield code="c">Hennepin</subfield><subfield code="d">Bloomington.</subfield></datafield></record>